<?xml version="1.0" encoding="UTF-8"?>
  <record xmlns="http://www.loc.gov/MARC21/slim" type="Authority">
    <leader>00000nz  a2200000nc 4500</leader>
    <controlfield tag="001">102307229</controlfield>
    <controlfield tag="003">DE-101</controlfield>
    <controlfield tag="005">20220311162144.0</controlfield>
    <controlfield tag="008">920624n||azznnaabn           | aaa    |c</controlfield>
    <datafield tag="024" ind1="7" ind2=" ">
      <subfield code="a">102307229</subfield>
      <subfield code="0">http://d-nb.info/gnd/102307229</subfield>
      <subfield code="2">gnd</subfield>
    </datafield>
    <datafield tag="035" ind1=" " ind2=" ">
      <subfield code="a">(DE-101)102307229</subfield>
    </datafield>
    <datafield tag="035" ind1=" " ind2=" ">
      <subfield code="a">(DE-588)102307229</subfield>
    </datafield>
    <datafield tag="035" ind1=" " ind2=" ">
      <subfield code="z">(DE-588)160747716</subfield>
    </datafield>
    <datafield tag="035" ind1=" " ind2=" ">
      <subfield code="z">(DE-588a)160747716</subfield>
      <subfield code="9">v:zg</subfield>
    </datafield>
    <datafield tag="035" ind1=" " ind2=" ">
      <subfield code="z">(DE-588a)102307229</subfield>
      <subfield code="9">v:zg</subfield>
    </datafield>
    <datafield tag="035" ind1=" " ind2=" ">
      <subfield code="z">(DE-588a)119723298</subfield>
    </datafield>
    <datafield tag="040" ind1=" " ind2=" ">
      <subfield code="a">DE-7</subfield>
      <subfield code="c">DE-7</subfield>
      <subfield code="9">r:DE-601</subfield>
      <subfield code="b">ger</subfield>
      <subfield code="d">9999</subfield>
    </datafield>
    <datafield tag="042" ind1=" " ind2=" ">
      <subfield code="a">gnd1</subfield>
    </datafield>
    <datafield tag="043" ind1=" " ind2=" ">
      <subfield code="c">XA-DE</subfield>
    </datafield>
    <datafield tag="065" ind1=" " ind2=" ">
      <subfield code="a">16.5p</subfield>
      <subfield code="2">sswd</subfield>
    </datafield>
    <datafield tag="075" ind1=" " ind2=" ">
      <subfield code="b">p</subfield>
      <subfield code="2">gndgen</subfield>
    </datafield>
    <datafield tag="075" ind1=" " ind2=" ">
      <subfield code="b">pik</subfield>
      <subfield code="2">gndspec</subfield>
    </datafield>
    <datafield tag="079" ind1=" " ind2=" ">
      <subfield code="a">g</subfield>
      <subfield code="q">a</subfield>
      <subfield code="q">f</subfield>
      <subfield code="q">l</subfield>
      <subfield code="q">s</subfield>
    </datafield>
    <datafield tag="100" ind1="0" ind2=" ">
      <subfield code="a">Johann Friedrich</subfield>
      <subfield code="c">Pommern-Stettin, Herzog</subfield>
      <subfield code="d">1542-1600</subfield>
    </datafield>
    <datafield tag="375" ind1=" " ind2=" ">
      <subfield code="a">1</subfield>
      <subfield code="2">iso5218</subfield>
    </datafield>
    <datafield tag="400" ind1="0" ind2=" ">
      <subfield code="a">Johan Friderich</subfield>
      <subfield code="c">Stettin-Pommern, Herzog</subfield>
      <subfield code="d">1542-1600</subfield>
    </datafield>
    <datafield tag="400" ind1="0" ind2=" ">
      <subfield code="a">Johan Fridrich</subfield>
      <subfield code="c">Stettin, Herzog</subfield>
      <subfield code="d">1542-1600</subfield>
    </datafield>
    <datafield tag="400" ind1="0" ind2=" ">
      <subfield code="a">Johann Fridrich</subfield>
      <subfield code="c">Pommern, Herzog</subfield>
      <subfield code="d">1542-1600</subfield>
    </datafield>
    <datafield tag="400" ind1="0" ind2=" ">
      <subfield code="a">Johann Friderich</subfield>
      <subfield code="c">Pommern, Herzog</subfield>
      <subfield code="d">1542-1600</subfield>
    </datafield>
    <datafield tag="400" ind1="0" ind2=" ">
      <subfield code="a">Johan Friderich</subfield>
      <subfield code="c">Pommern, Herzog</subfield>
      <subfield code="d">1542-1600</subfield>
    </datafield>
    <datafield tag="400" ind1="1" ind2=" ">
      <subfield code="a">Gützkow, Johann Friedrich &#152;zu&#156;</subfield>
      <subfield code="d">1542-1600</subfield>
    </datafield>
    <datafield tag="400" ind1="0" ind2=" ">
      <subfield code="a">Johann Friedrich</subfield>
      <subfield code="c">Rügen, Fürst</subfield>
      <subfield code="d">1542-1600</subfield>
    </datafield>
    <datafield tag="400" ind1="0" ind2=" ">
      <subfield code="a">Johann Friderich</subfield>
      <subfield code="c">Pommern-Stettin, Herzog</subfield>
      <subfield code="d">1542-1600</subfield>
    </datafield>
    <datafield tag="400" ind1="0" ind2=" ">
      <subfield code="a">Johann Friedrich</subfield>
      <subfield code="c">Pommern, Herzog</subfield>
      <subfield code="d">1542-1600</subfield>
    </datafield>
    <datafield tag="500" ind1="1" ind2=" ">
      <subfield code="0">(DE-101)118575449</subfield>
      <subfield code="0">(DE-588)118575449</subfield>
      <subfield code="0">https://d-nb.info/gnd/118575449</subfield>
      <subfield code="a">Luther, Martin</subfield>
      <subfield code="d">1483-1546</subfield>
      <subfield code="4">beza</subfield>
      <subfield code="4">https://d-nb.info/standards/elementset/gnd#acquaintanceshipOrFriendship</subfield>
      <subfield code="w">r</subfield>
      <subfield code="i">Bekanntschaft</subfield>
      <subfield code="e">Bekanntschaft</subfield>
      <subfield code="9">v:VD-16 Mitverf.</subfield>
    </datafield>
    <datafield tag="500" ind1="0" ind2=" ">
      <subfield code="0">(DE-101)119613409</subfield>
      <subfield code="0">(DE-588)119613409</subfield>
      <subfield code="0">https://d-nb.info/gnd/119613409</subfield>
      <subfield code="a">Barnim XII.</subfield>
      <subfield code="c">Herzog von Pommern</subfield>
      <subfield code="4">beza</subfield>
      <subfield code="4">https://d-nb.info/standards/elementset/gnd#acquaintanceshipOrFriendship</subfield>
      <subfield code="w">r</subfield>
      <subfield code="i">Bekanntschaft</subfield>
      <subfield code="e">Bekanntschaft</subfield>
      <subfield code="9">v:VD-16 Mitverf.</subfield>
    </datafield>
    <datafield tag="500" ind1="0" ind2=" ">
      <subfield code="a">Ernst Ludwig</subfield>
      <subfield code="c">Herzog von Pommern</subfield>
      <subfield code="4">beza</subfield>
      <subfield code="4">https://d-nb.info/standards/elementset/gnd#acquaintanceshipOrFriendship</subfield>
      <subfield code="w">r</subfield>
      <subfield code="i">Bekanntschaft</subfield>
      <subfield code="e">Bekanntschaft</subfield>
      <subfield code="9">v:VD-16 Mitverf.</subfield>
    </datafield>
    <datafield tag="548" ind1=" " ind2=" ">
      <subfield code="a">27.08.1542-09.02.1600</subfield>
      <subfield code="4">datx</subfield>
      <subfield code="4">https://d-nb.info/standards/elementset/gnd#dateOfBirthAndDeath</subfield>
      <subfield code="w">r</subfield>
      <subfield code="i">Exakte Lebensdaten</subfield>
      <subfield code="9">v:andersl. Sterbedatum: 08.02.1600</subfield>
    </datafield>
    <datafield tag="548" ind1=" " ind2=" ">
      <subfield code="a">27.08.1542-19.02.1600</subfield>
      <subfield code="4">datx</subfield>
      <subfield code="4">https://d-nb.info/standards/elementset/gnd#dateOfBirthAndDeath</subfield>
      <subfield code="w">r</subfield>
      <subfield code="i">Exakte Lebensdaten</subfield>
    </datafield>
    <datafield tag="548" ind1=" " ind2=" ">
      <subfield code="a">1542-1600</subfield>
      <subfield code="4">datl</subfield>
      <subfield code="4">https://d-nb.info/standards/elementset/gnd#dateOfBirthAndDeath</subfield>
      <subfield code="w">r</subfield>
      <subfield code="i">Lebensdaten</subfield>
    </datafield>
    <datafield tag="550" ind1=" " ind2=" ">
      <subfield code="0">(DE-101)040004643</subfield>
      <subfield code="0">(DE-588)4000464-8</subfield>
      <subfield code="0">https://d-nb.info/gnd/4000464-8</subfield>
      <subfield code="a">Adel</subfield>
      <subfield code="4">berc</subfield>
      <subfield code="4">https://d-nb.info/standards/elementset/gnd#professionOrOccupation</subfield>
      <subfield code="w">r</subfield>
      <subfield code="i">Charakteristischer Beruf</subfield>
    </datafield>
    <datafield tag="550" ind1=" " ind2=" ">
      <subfield code="0">(DE-101)041596765</subfield>
      <subfield code="0">(DE-588)4159676-6</subfield>
      <subfield code="0">https://d-nb.info/gnd/4159676-6</subfield>
      <subfield code="a">Herzog</subfield>
      <subfield code="4">beru</subfield>
      <subfield code="4">https://d-nb.info/standards/elementset/gnd#professionOrOccupation</subfield>
      <subfield code="w">r</subfield>
      <subfield code="i">Beruf</subfield>
    </datafield>
    <datafield tag="550" ind1=" " ind2=" ">
      <subfield code="0">(DE-101)040069494</subfield>
      <subfield code="0">(DE-588)4006949-7</subfield>
      <subfield code="0">https://d-nb.info/gnd/4006949-7</subfield>
      <subfield code="a">Bischof</subfield>
      <subfield code="4">beru</subfield>
      <subfield code="4">https://d-nb.info/standards/elementset/gnd#professionOrOccupation</subfield>
      <subfield code="w">r</subfield>
      <subfield code="i">Beruf</subfield>
    </datafield>
    <datafield tag="550" ind1=" " ind2=" ">
      <subfield code="a">Herzog von Pommern</subfield>
      <subfield code="4">beru</subfield>
      <subfield code="4">https://d-nb.info/standards/elementset/gnd#professionOrOccupation</subfield>
      <subfield code="w">r</subfield>
      <subfield code="i">Beruf</subfield>
    </datafield>
    <datafield tag="551" ind1=" " ind2=" ">
      <subfield code="0">(DE-101)945019211</subfield>
      <subfield code="0">(DE-588)4382051-7</subfield>
      <subfield code="0">https://d-nb.info/gnd/4382051-7</subfield>
      <subfield code="a">Wolgast</subfield>
      <subfield code="4">ortg</subfield>
      <subfield code="4">https://d-nb.info/standards/elementset/gnd#placeOfBirth</subfield>
      <subfield code="w">r</subfield>
      <subfield code="i">Geburtsort</subfield>
    </datafield>
    <datafield tag="551" ind1=" " ind2=" ">
      <subfield code="0">(DE-101)945019211</subfield>
      <subfield code="0">(DE-588)4382051-7</subfield>
      <subfield code="0">https://d-nb.info/gnd/4382051-7</subfield>
      <subfield code="a">Wolgast</subfield>
      <subfield code="4">orts</subfield>
      <subfield code="4">https://d-nb.info/standards/elementset/gnd#placeOfDeath</subfield>
      <subfield code="w">r</subfield>
      <subfield code="i">Sterbeort</subfield>
    </datafield>
    <datafield tag="667" ind1=" " ind2=" ">
      <subfield code="a">7</subfield>
    </datafield>
    <datafield tag="667" ind1=" " ind2=" ">
      <subfield code="a">VD-17</subfield>
    </datafield>
    <datafield tag="667" ind1=" " ind2=" ">
      <subfield code="a">VD-16</subfield>
    </datafield>
    <datafield tag="670" ind1=" " ind2=" ">
      <subfield code="a">Wikipedia</subfield>
      <subfield code="b">Stand: 12.02.2019</subfield>
      <subfield code="u">https://de.wikipedia.org/wiki/Johann_Friedrich_(Pommern)</subfield>
    </datafield>
    <datafield tag="670" ind1=" " ind2=" ">
      <subfield code="a">NDB/ADB-online</subfield>
    </datafield>
    <datafield tag="670" ind1=" " ind2=" ">
      <subfield code="a">Supellex epistolica Uffenbachii et Wolfiorum = Katalog der Uffenbach-Wolfschen Briefsammlung / hrsg. u. bearb. von Nilüfer Krüger. - Hamburg : Hauswedell, 1978. 2 Bde. - (Katalog der Handschriften der Staats- und Universitätsbibliothek Hamburg ; 8)</subfield>
    </datafield>
    <datafield tag="672" ind1=" " ind2="0">
      <subfield code="a">Barnim &lt;Pommern, Herzog, XI.&gt;: Gerichts Ordnung, wie es inn unsern F. Hoffgerichten des S*</subfield>
      <subfield code="f">1569</subfield>
    </datafield>
    <datafield tag="672" ind1=" " ind2="0">
      <subfield code="a">Barnim &lt;Pommern, Herzog, XI.&gt;: Gerichts Ordnung, wie es inn unsern F. Hoffgerichten des S*</subfield>
      <subfield code="f">1663</subfield>
    </datafield>
    <datafield tag="672" ind1=" " ind2="0">
      <subfield code="a">Barnim &lt;Pommern, Herzog, XI.&gt;: Barnim der Eltern, Johans Friderichs ... Hertzogen zu Stet*</subfield>
      <subfield code="f">1569</subfield>
    </datafield>
    <datafield tag="672" ind1=" " ind2="0">
      <subfield code="a">Barnim &lt;Pommern, Herzog, XI.&gt;: Corpus Doctrinae Christianae darin de ware Christlike Lere*</subfield>
      <subfield code="f">1565</subfield>
    </datafield>
    <datafield tag="672" ind1=" " ind2="0">
      <subfield code="a">Barnim &lt;Pommern, Herzog, XI.&gt;: Ordninge, so in usen Hertog u. Förstendömen uz dem Lande s*</subfield>
      <subfield code="f">1570 ahm 30 Maij</subfield>
    </datafield>
    <datafield tag="672" ind1=" " ind2="0">
      <subfield code="a">Barnim &lt;Pommern, Herzog, XI.&gt;: Agenda, d. i. Ordeninge der h. Kerckenempter u. Ceremonien*</subfield>
      <subfield code="f">1591</subfield>
    </datafield>
    <datafield tag="672" ind1=" " ind2="0">
      <subfield code="a">Barnim &lt;Pommern, Herzog, XI.&gt;: Corpus Doctrinae Christianae</subfield>
      <subfield code="f">1564</subfield>
    </datafield>
    <datafield tag="672" ind1=" " ind2="0">
      <subfield code="a">Barnim &lt;Pommern, Herzog, XI.&gt;: Kercken Ordeninge im Lande tho Pamern</subfield>
      <subfield code="f">1591</subfield>
    </datafield>
    <datafield tag="672" ind1=" " ind2="0">
      <subfield code="a">Barnim &lt;Pommern, Herzog, XI.&gt;: Unser von Gotts Gnaden Barnims des Eltern, Johans Frideric*</subfield>
    </datafield>
    <datafield tag="672" ind1=" " ind2="0">
      <subfield code="a">Luther, Martin: DEs Ehrwirdigen vnd Geistreichen Mans Gottes Doctoris Martini Lutheri Schrifften wider die ...  1573.  (VD16 L 6647)</subfield>
    </datafield>
    <datafield tag="678" ind1=" " ind2=" ">
      <subfield code="b">regierte von 1569-1600, Evang. Bischof von Cammin von 1557-1574</subfield>
    </datafield>
    <datafield tag="678" ind1=" " ind2=" ">
      <subfield code="b">Zu Stettin 1569</subfield>
    </datafield>
    <datafield tag="913" ind1=" " ind2=" ">
      <subfield code="S">pnd</subfield>
      <subfield code="i">5</subfield>
      <subfield code="a">Johann Friedrich &lt;Pommern-Stettin, Herzog&gt;</subfield>
      <subfield code="0">(DE-588a)102307229</subfield>
    </datafield>
    <datafield tag="913" ind1=" " ind2=" ">
      <subfield code="S">pnd</subfield>
      <subfield code="i">5</subfield>
      <subfield code="a">Johann Friedrich &lt;Pommern-Stettin, Herzog&gt;</subfield>
      <subfield code="0">(DE-588a)160747716</subfield>
    </datafield>
  </record>
